<record><leader>00000cas a22000007a 4500</leader><controlfield tag="001">17862841</controlfield><controlfield tag="008">880428d18941894mduuu ne      0    0eng d</controlfield><datafield ind1=" " ind2=" " tag="010"><subfield code="a">sn 88065716 </subfield></datafield><datafield ind1=" " ind2=" " tag="040"><subfield code="a">MFN</subfield><subfield code="b">eng</subfield><subfield code="c">MFN</subfield><subfield code="d">OCLCQ</subfield></datafield><datafield ind1=" " ind2=" " tag="042"><subfield code="a">msc</subfield></datafield><datafield ind1="0" ind2="0" tag="245"><subfield code="a">Takoma Park tidings.</subfield></datafield><datafield ind1="1" ind2="3" tag="246"><subfield code="a">Takoma tidings</subfield></datafield><datafield ind1=" " ind2=" " tag="260"><subfield code="a">Takoma Park, Md. :</subfield><subfield code="b">T.H. Gosorn</subfield></datafield><datafield ind1=" " ind2=" " tag="300"><subfield code="a">v.</subfield></datafield><datafield ind1="0" ind2=" " tag="362"><subfield code="a">Vol. 1, no. 1 (Aug. 24, 1894).</subfield></datafield><datafield ind1=" " ind2=" " tag="752"><subfield code="a">United States</subfield><subfield code="b">Maryland</subfield><subfield code="c">Prince George's</subfield><subfield code="d">Takoma Park.</subfield></datafield><datafield ind1=" " ind2=" " tag="752"><subfield code="a">United States</subfield><subfield code="b">Maryland</subfield><subfield code="c">Montgomery</subfield><subfield code="d">Takoma Park.</subfield></datafield></record>